@article{ajimotokin2015effects,
  title={The Effects of Unemployment on Crime Rates in the US},
  author={Ajimotokin, Sandra and Haskins, Alexandra and Wade, Zach},
  year={2015},
  publisher={Georgia Institute of Technology}
}

@electronic{newyork2020unemployment,
  author        = "New York State Department of Labor",
  title         = "Labor Force and Unemployment Data",
  url           = "https://www.labor.ny.gov/stats/LSLAUS.shtm",
  year          = "2020"
}

@electronic{irene2020hatecrimes,
  author        = "Irene Spezzamonte",
  title         = "Hate crimes targeting Asians rise in NYC during the coronavirus pandemic: How does S.I. stand?",
  url           = "https://www.silive.com/crime/2020/10/hate-crimes-targeting-asians-rise-in-nyc-during-the-coronavirus-pandemic-how-does-si-stand.html",
  year          = "2020"
}

@electronic{NYPD2020hatecrimes,
  author        = "Police Department (NYPD)",
  title         = "NYPD Hate Crimes",
  url           = "https://data.cityofnewyork.us/Public-Safety/NYPD-Hate-Crimes/bqiq-cu78",
  year          = "2020"
}

@electronic{nyc2020boroughboundaries,
  author        = "New York City Government",
  title         = "Borough Boundaries",
  url           = "https://data.cityofnewyork.us/City-Government/Borough-Boundaries/tqmj-j8zm",
  year          = "2020"
}

@article{abrams2020covid,
  title={COVID and crime: An early empirical look},
  author={Abrams, David},
  journal={U of Penn, Inst for Law \& Econ Research Paper},
  number={20-49},
  year={2020}
}

@article{boman2020has,
  title={Has COVID-19 changed crime? Crime rates in the United States during the pandemic},
  author={Boman, John H and Gallupe, Owen},
  journal={American journal of criminal justice},
  volume={45},
  number={4},
  pages={537--545},
  year={2020},
  publisher={Springer}
}

@article{gover2020anti,
  title={Anti-Asian hate crime during the COVID-19 pandemic: Exploring the reproduction of inequality},
  author={Gover, Angela R and Harper, Shannon B and Langton, Lynn},
  journal={American journal of criminal justice},
  volume={45},
  number={4},
  pages={647--667},
  year={2020},
  publisher={Springer}
}

@article{ojha2020pandemic,
  title={Is Pandemic a Class-Ridden? An Appraisal from New York City},
  author={Ojha, Abin},
  journal={Journal of Ethnic and Cultural Studies},
  volume={7},
  number={3},
  pages={129--141},
  year={2020}
}



Website
@electronic{shell2007ieee,
  author        = "Michael Shell",
  title         = "{IEEE}tran Homepage",
  url           = "http://www.michaelshell.org/tex/ieeetran/",
  year          = "2007"
}

inbook with pages and note
@inbook{bul1964theory,
  author        = "B. K. Bul",
  title         = "Theory Principles and Design of Magnetic Circuits",
  publisher     = "Energia Press",
  address       = "Moscow",
  year          = "1964",
  pages         = "464"
}

presented at a conference
@inproceedings{finn1997novel,
  author        = "S. G. Finn and M. M{\'e}dard and R. A. Barry",
  title         = "A Novel Approach to Automatic Protection Switching
                   Using Trees",
  intype        = "presented at the",
  booktitle     = "Proc. Int. Conf. Commun.",
  year          = "1997"
}

Masters thesis
@mastersthesis{karnik1999performance,
  author        = "A. Karnik",
  title         = "Performance of {TCP} Congestion Control with Rate
                   Feedback: {TCP/ABR} and Rate Adaptive {TCP/IP}",
  school        = "Indian Institute of Science",
  type          = "M. Eng. thesis",
  address       = "Bangalore, India",
  month         = jan,
  year          = "1999"
}

PhD dissertation
@phdthesis{li2000delay,
  author        = "Q. Li",
  title         = "Delay Characterization and Performance Control of
                   Wide-area Networks",
  school        = "Univ. of Delaware",
  address       = "Newark",
  month         = may,
  year          = "2000"
}

Journal Article
@article{ccsds1999telemetry,
  author        = "{Consulative Committee for Space Data Systems (CCSDS)}",
  title         = "Telemetry Channel Coding",
  journal       = "Blue Book",
  number        = "4",
  year          = "1999"
}

@electronic{mac2020TheEffe,
  title         = "The Effects of Local Police Surges on Crime and Arrests in New York City",
  author        = "John MacDonald,Jeffrey Fagan, and Amanda Geller",
  url           = "https://journals.plos.org/plosone/article?id=10.1371/journal.pone.0157223",
  year          = "2016"
}
